<?xml version="1.0" encoding="UTF-8"?><collection xmlns="http://www.loc.gov/MARC21/slim"><record><leader>00646nam--2200205-i-4500</leader><controlfield tag="001">000020121</controlfield><controlfield tag="002">20161230</controlfield><controlfield tag="005">20161230201033</controlfield><controlfield tag="008">060222s1000------------r-----000-0-rum-d</controlfield><datafield ind1=" " ind2=" " tag="040"><subfield code="a">IFIN-HH</subfield></datafield><datafield ind1=" " ind2=" " tag="041"><subfield code="a">rum</subfield></datafield><datafield ind1=" " ind2=" " tag="080"><subfield code="a">620.16.539.174</subfield></datafield><datafield ind1="1" ind2=" " tag="100"><subfield code="a">Isarie, I</subfield></datafield><datafield ind1="1" ind2="0" tag="245"><subfield code="a">A iii-a conferinta nationala de tehnologii neconventionale sibiu 14-15 mai, 1982</subfield><subfield code="c">I. isarie, d. nanu, o. dragan (colectiv editorial)</subfield></datafield><datafield ind1=" " ind2=" " tag="260"><subfield code="a">Sibiu</subfield><subfield code="b">Ministerul Educatiei Si Invatamantului</subfield><subfield code="c">1982</subfield></datafield><datafield ind1=" " ind2=" " tag="300"><subfield code="a">2 VOL</subfield></datafield><datafield ind1="1" ind2=" " tag="700"><subfield code="a">Dragan, O</subfield></datafield><datafield ind1="1" ind2=" " tag="787"><subfield code="a">Partea 2. Comunicari In Plenul Conferintei</subfield><subfield code="h">45p</subfield></datafield><datafield ind1=" " ind2=" " tag="852"><subfield code="a">71421</subfield><subfield code="c">539.3</subfield></datafield><datafield ind1=" " ind2=" " tag="CAT"><subfield code="a">Sys</subfield><subfield code="c">20130121</subfield><subfield code="h">173646</subfield></datafield></record></collection>